{1:F01BANKUS33AXXX0000000000}{2:I942BANKDEFFXXXXN}{4:
:20:INT942REPORT001
:21:STMT940REF001
:25P:USD1234567890123/CHASUS33XXX
:28C:00125/00003
:34F:USDD2500,00
:34F:USDC10000,00
:13D:2407191530+0000
:61:240719C1250,50NTRFNONREF//TRN123456
TRANSFER FROM CLIENT ABC
:86:PAYMENT FOR INVOICE 98765
CLIENT: ABC CORPORATION
REFERENCE: INV-98765-2024
:61:240719D500,00NCHGCHARGES//CHG123457
BANK CHARGES
:86:MONTHLY MAINTENANCE FEE
ACCOUNT SERVICE CHARGES
:90D:1USD500,00
:90C:1USD1250,50
:86:INTERIM TRANSACTION REPORT
PREPARED AT 15:30 UTC
ALL AMOUNTS IN USD
-}