{1:F01BANKDEFFAXXX0000000000}{2:I940BANKUS33AXXXN}{4:
:20:STMT001
:25:USD1234567890
:28C:00152/00001
:60F:C241220USD112233,44
:61:2412201221D1000,00NMSCNONREF//BANK001
:86:SALARY PAYMENT
:61:2412211222C2500,50NCHKCUSTREF001//BANK002
:86:CHECK DEPOSIT 12345
:61:2412221223D150,00NTRFCUSTREF002//BANK003
:86:ONLINE TRANSFER
:62F:C241223USD113583,94
:64:C241223USD113583,94
:86:STATEMENT FOR DECEMBER 2024
ACCOUNT USD1234567890
TOTAL CREDITS: 2500,50
TOTAL DEBITS: 1150,00
-}