{1:F01UBSWCHZHXXX0000000000}{2:I942CITIUS33AXXXN}{4:
:20:INTRDAY20240719
:21:STMT20240719001
:25:CHF1234567890
:28C:00456/00012
:34F:CHFD5000,00
:34F:CHFC25000,00
:13D:2407191430+0200
:61:2407190719D2500,00FCHKCHECK001//UBSREF123456
:86:CHECK PAYMENT #001
CHECK PRESENTED FOR PAYMENT
PAYEE: ALPINE SUPPLIES AG
CHECK NUMBER: 001234
PRESENTED AT: ZURICH BRANCH
:61:2407191030C15000,00FTRFINCOMING//UBSREF123457
:86:WIRE TRANSFER CREDIT
INCOMING WIRE TRANSFER
SENDER: GLOBAL TECH GMBH
SENDER REF: GT2024071901
SENDER BANK: DEUTSCHE BANK AG
PURPOSE: INVOICE PAYMENT
:61:2407191145D1200,50NCHGSERVICEFEE//UBSREF123458
:86:INTERNATIONAL TRANSFER FEE
WIRE TRANSFER CHARGES
RELATED TO: UBSREF123457
FEE TYPE: INCOMING INTL WIRE
RATE: STANDARD COMMERCIAL
:61:2407191200C8500,00NMSCDEPOSIT//UBSREF123459
:86:CASH DEPOSIT
CASH DEPOSIT AT BRANCH
LOCATION: GENEVA OFFICE
DEPOSITOR: ACCOUNT HOLDER
DENOMINATION: MIXED BILLS
VERIFIED BY: TELLER 4521
:61:2407191330D3250,75NTRFOUTGOING//UBSREF123460
:86:SEPA CREDIT TRANSFER
OUTGOING PAYMENT
BENEFICIARY: EURO LOGISTICS SA
IBAN: FR7630006000011234567890189
BIC: BNPAFRPPXXX
REFERENCE: INVOICE EL-2024-445
:90D:3CHF6950,25
:90C:2CHF23500,00
:86:INTRADAY STATEMENT AS OF 14:30:00 CET
PROCESSING CENTER: ZURICH
NEXT UPDATE: 15:00:00 CET
PENDING TRANSACTIONS: 2
AVAILABLE BALANCE: CHF 41,549.75
CREDIT LINE AVAILABLE: CHF 20,000.00
-}