{1:F01BANKUS33AXXX0000000000}{2:I942BANKDEFAXXXXN}{4:
:20:INTRA942001
:21:RELATED001
:25:USD12345678901234
:28C:00042/001
:34F:USD5000,00
:34F:USDC15000,00
:13D:2412230945+0500
:61:241223C2500,00NTRF942REF001//BANK001
:86:INCOMING WIRE TRANSFER
FROM ABC CORPORATION
:61:241223D750,00NCHG942REF002
:86:SERVICE CHARGES
:61:241223C1000,00NINT942REF003//BANK003
:86:INTEREST CREDIT
:90D:1USD750,00
:90C:2USD3500,00
:86:INTRADAY REPORT AS OF 09:45
ACCOUNT ACTIVITY SUMMARY
-}